% github: 7eqcmeemfimx3w7 med finjat@stud.ntnu.no
% current token: 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

@misc{magnetismlecnotes,
  author = {Carsten Timm},
  title = {Lecture notes on Theory of Magnetism},
  month = {November},
  year = {2015},
  publisher = {Technische Universität Dresden}
}

@misc{superconductlecnotes,
  author = {Manfred Sigrist},
  title = {Lecture notes on Introduction to Unconventional Superconductivity},
  publisher = {ETH Zuerich}
}

@article{weisskopf1981formation,
  title={The formation of Cooper pairs and the nature of superconducting currents},
  author={Weisskopf, Victor F},
  journal={Contemporary Physics},
  volume={22},
  number={4},
  pages={375--395},
  year={1981},
  publisher={Taylor \& Francis}
}

@article{schrieffer1966relation,
  title={Relation between the anderson and kondo hamiltonians},
  author={Schrieffer, John R and Wolff, Peter A},
  journal={Physical Review},
  volume={149},
  number={2},
  pages={491},
  year={1966},
  publisher={APS}
}


@article{ghanbari_rkky_nodate,
	title = {RKKY interaction in a spin-split superconductor},
	doi = {10.1103/PhysRevB.104.094527},
	journaltitle = {Physical Review},
	author = {Ghanbari, Atousa and Linder, Jacob},
}

@book{sudbo_asle_superconductivity_2004,
	title = {Superconductivity - Physics and Applications},
	isbn = {0-470-84452-3},
	publisher = {wiley},
	author = {{Sudbø, Asle} and {Fossheim, Kristian}},
	date = {2004},
}

@article{dmitrienkoa_ve_dzyaloshinskiimoriya_2010,
	title = {Dzyaloshinskii–Moriya Interaction: How to Measure Its Sign in Weak Ferromagnets?},
	doi = {https://doi.org/10.1134/S0021364010180050},
	author = {{Dmitrienkoa, V.E.} and {Ovchinnikovab, E.N.} and {Kokubunc, J.} and {Ishid, K.}},
	date = {2010},
}

@article{rudermann_ma_indirect_1954,
	title = {Indirect Exchange Coupling of Nuclear Magnetic Moments by Conduction Electrons},
	doi = {https://doi.org/10.1103/PhysRev.96.99},
	journaltitle = {physical review},
	author = {{Rudermann, M.A.} and {Kittel, C.}},
	date = {1954},
}

@article{aristov_dn_rkky_nodate,
	title = {{RKKY} interaction in layered superconductors with anisotropic pairing},
	doi = {https://doi.org/10.1007/s002570050313},
	journaltitle = {Zeitschrift für Physik B Condensed Matter},
	author = {{Aristov, D.N.} and {Maleyev, S.V.} and {Yashenkin, A.G.}},
}

@thesis{klam_ludwig_unconventional_2010,
	title = {Unconventional properties of non-centrosymmetric superconductors},
	url = {http://dx.doi.org/10.18419/opus-6766},
	type = {phdthesis},
	author = {{Klam, Ludwig}},
	date = {2010},
}

@article{gorkov_lev_p_superconducting_nodate,
	title = {Superconducting 2D System with Lifted Spin Degeneracy: Mixed Singlet-Triplet State},
	url = {https://journals.aps.org/prl/pdf/10.1103/PhysRevLett.87.037004},
	doi = {10.1103/PhysRevLett.87.037004},
	journaltitle = {Physical Review Letters},
	author = {{Gor’kov, Lev P.} and {Rashba, Emmanuel I.}},
}

@article{robinson_jason_wa_superconducting_2015,
	title = {Superconducting spintronics},
	url = {https://www.nature.com/articles/nphys3242.pdf},
	doi = {10.1038/NPHYS3242},
	journaltitle = {nature physics},
	author = {{Robinson, Jason W.A.} and {Linder, Jacob}},
	date = {2015},
}

@unpublished{noauthor_superconductivity_nodate,
	title = {Superconductivity},
	url = {https://web.pdx.edu/~pmoeck/lectures/312/supercon.pdf},
}

@book{bauer_ernst_non-centrosymmetric_2012,
	title = {Non-centrosymmetric Superconductors},
	url = {https://link.springer.com/content/pdf/10.1007/978-3-642-24624-1.pdf},
	publisher = {Springer},
	author = {{Bauer, Ernst} and {Sigrist, Manfred}},
	date = {2012},
}

@unpublished{sigrist_manfred_introduction_nodate,
	location = {{ETH} Zürich},
	title = {Introduction to Unconventional Superconductivity},
	author = {{Sigrist, Manfred}},
}

@article{k_v_samokhin_symmetry_2015,
	title = {Symmetry and topology of two-dimensional noncentrosymmetric superconductors},
	number = {359},
	journaltitle = {Annals of Physics},
	author = {{K. V. Samokhin}},
	date = {2015},
}

@article{schnyder_andreas_p_types_2012,
	title = {Types of topological surface states in nodal noncentrosymmetric superconductors},
	url = {https://journals.aps.org/prb/pdf/10.1103/PhysRevB.85.024522},
	doi = {10.1103/PhysRevB.85.024522},
	journaltitle = {Physical Review},
	author = {{Schnyder, Andreas P.} and {Brydon, P. M. R.} and {Timm, Carsten}},
	date = {2012},
}

@article{vorontsov_ab_surface_2008,
	title = {Surface Bound States and Spin Currents in Noncentrosymmetric Superconductors},
	url = {https://journals.aps.org/prl/pdf/10.1103/PhysRevLett.101.127003},
	doi = {0.1103/PhysRevLett.101.127003},
	journaltitle = {Physical Review Letters},
	author = {{Vorontsov, A.B.} and {Vekhter, I.} and {Eschrig, M.}},
	date = {2008},
}

@article{mukherjee_soumya_p_superconductivity_2014,
	title = {Superconductivity in non-centrosymmetric {LaNiC}2},
	volume = {499},
	doi = {https://doi.org/10.1016/j.physc.2014.01.008},
	journaltitle = {Physica C: Superconductivity},
	author = {{Mukherjee, Soumya P.} and {Curnoe, Stephanie H.}},
	date = {2014},
}

@thesis{gunnarsen_gudmund_spin-orbit_2016,
	title = {Spin-orbit coupled multiband superconductors},
	url = {https://ntnuopen.ntnu.no/ntnu-xmlui/bitstream/handle/11250/2433715/12577_FULLTEXT.pdf?sequence=1&isAllowed=y},
	institution = {{NTNU}},
	type = {phdthesis},
	author = {{Gunnarsen, Gudmund}},
	date = {2016},
}

@thesis{taraldsen_oyvind_muldal_quantum_2021,
	title = {Quantum Quenches in Non- centrosymmetric Superconductors},
	institution = {{NTNU}},
	type = {phdthesis},
	author = {{Taraldsen, Øyvind Muldal}},
	date = {2021},
}

@article{samokhin2004cept,
  title={CePt 3 Si: An unconventional superconductor without inversion center},
  author={Samokhin, KV and Zijlstra, ES and Bose, SK},
  journal={Physical Review B},
  volume={69},
  number={9},
  pages={094514},
  year={2004},
  publisher={APS}
}
@article{samokhin2008gap,
  title={Gap structure in noncentrosymmetric superconductors},
  author={Samokhin, KV and Mineev, VP},
  journal={Physical Review B},
  volume={77},
  number={10},
  pages={104520},
  year={2008},
  publisher={APS}
}

@article{mackenzie2003superconductivity,
  title={The superconductivity of Sr 2 RuO 4 and the physics of spin-triplet pairing},
  author={Mackenzie, Andrew Peter and Maeno, Yoshiteru},
  journal={Reviews of Modern Physics},
  volume={75},
  number={2},
  pages={657},
  year={2003},
  publisher={APS}
}
@article{kasuya1956theory,
  title={A theory of metallic ferro-and antiferromagnetism on Zener's model},
  author={Kasuya, Tadao},
  journal={Progress of theoretical physics},
  volume={16},
  number={1},
  pages={45--57},
  year={1956},
  publisher={Oxford University Press}
}
@article{yosida1957magnetic,
  title={Magnetic properties of Cu-Mn alloys},
  author={Yosida, Kei},
  journal={Physical Review},
  volume={106},
  number={5},
  pages={893},
  year={1957},
  publisher={APS}
}

@thesis{valizadeh_mohammad_m_magnetic_2017,
	title = {Magnetic Interactions in the Spin-orbit Coupled Electron Gas},
	institution = {University of Missouri},
	type = {phdthesis},
	author = {{Valizadeh, Mohammad M.}},
	date = {2017},
}

@article{Ikegaya_2021_tunableMajorana,
	doi = {10.1103/physrevresearch.3.023007},
	url = {https://doi.org/10.1103%2Fphysrevresearch.3.023007},
	year = 2021,
	month = {apr},
	publisher = {American Physical Society ({APS})},
	volume = {3},
	number = {2},
	author = {S. Ikegaya and W. B. Rui and D. Manske and Andreas P. Schnyder},
	title = {Tunable Majorana corner modes in noncentrosymmetric superconductors: Tunneling spectroscopy and edge imperfections},
	journal = {Physical Review Research}
}

@article{gong2015dzyaloshinskii,
  title={Dzyaloshinskii-Moriya interaction and spiral order in spin-orbit coupled optical lattices},
  author={Gong, Ming and Qian, Yinyin and Yan, Mi and Scarola, Vito W and Zhang, Chuanwei},
  journal={Scientific Reports},
  volume={5},
  number={1},
  pages={1--8},
  year={2015},
  publisher={Nature Publishing Group}
}
@article{imamura2004twisted,
  title={Twisted exchange interaction between localized spins embedded in a one-or two-dimensional electron gas with Rashba spin-orbit coupling},
  author={Imamura, Hiroshi and Bruno, Patrick and Utsumi, Yasuhiro},
  journal={Physical Review B},
  volume={69},
  number={12},
  pages={121303},
  year={2004},
  publisher={APS}
}
@book{zhu2016bogoliubov,
  title={Bogoliubov-de Gennes method and its applications},
  author={Zhu, Jian-Xin},
  volume={924},
  year={2016},
  publisher={Springer}
}
@article{cyrot1973ginzburg,
  title={Ginzburg-Landau theory for superconductors},
  author={Cyrot, M},
  journal={Reports on Progress in Physics},
  volume={36},
  number={2},
  pages={103},
  year={1973},
  publisher={IOP Publishing}
}
@book{de2018superconductivity,
  title={Superconductivity of metals and alloys},
  author={De Gennes, Pierre-Gilles and Pincus, Philip A},
  year={2018},
  publisher={CRC Press}
}
@article{eschrig2010theoretical,
  title={Theoretical aspects of Andreev spectroscopy and tunneling spectroscopy in non-centrosymmetric superconductors: a topical review},
  author={Eschrig, Matthias and Iniotakis, Christian and Tanaka, Yukio},
  journal={arXiv preprint arXiv:1001.2486},
  year={2010}
}

@article{frigeri2004superconductivity,
  title={Superconductivity without Inversion Symmetry: MnSi versus C e P t 3 S i},
  author={Frigeri, PA and Agterberg, DF and Koga, A and Sigrist, M},
  journal={Physical review letters},
  volume={92},
  number={9},
  pages={097001},
  year={2004},
  publisher={APS}
}

@article{smidman2017superconductivity,
  title={Superconductivity and spin--orbit coupling in non-centrosymmetric materials: a review},
  author={Smidman, M and Salamon, MB and Yuan, HQ and Agterberg, DF},
  journal={Reports on Progress in Physics},
  volume={80},
  number={3},
  pages={036501},
  year={2017},
  publisher={IOP Publishing}
}
@article{rashba1960properties,
  title={Properties of semiconductors with an extremum loop. I. Cyclotron and combinational resonance in a magnetic field perpendicular to the plane of the loop},
  author={Rashba, EIJSP},
  journal={Sov. Phys.-Solid State},
  volume={2},
  pages={1109},
  year={1960}
}
@article{balatsky2006impurity,
  title={Impurity-induced states in conventional and unconventional superconductors},
  author={Balatsky, Alexander V and Vekhter, Ilya and Zhu, Jian-Xin},
  journal={Reviews of Modern Physics},
  volume={78},
  number={2},
  pages={373},
  year={2006},
  publisher={APS}
}

@article{kim2015impurity,
  title={Impurity-induced bound states in superconductors with spin-orbit coupling},
  author={Kim, Younghyun and Zhang, Junhua and Rossi, E and Lutchyn, Roman M},
  journal={Physical review letters},
  volume={114},
  number={23},
  pages={236804},
  year={2015},
  publisher={APS}
}

@article{shiba1968classical,
  title={Classical spins in superconductors},
  author={Shiba, Hiroyuki},
  journal={Progress of theoretical Physics},
  volume={40},
  number={3},
  pages={435--451},
  year={1968},
  publisher={Oxford University Press}
}

@article{galitski2002spin,
  title={Spin glass versus superconductivity},
  author={Galitski, VM and Larkin, AI},
  journal={Physical Review B},
  volume={66},
  number={6},
  pages={064526},
  year={2002},
  publisher={APS}
}
